<?xml version="1.0" encoding="UTF-8"?><collection xmlns="http://www.loc.gov/MARC21/slim"><record><leader>00538nam--2200193-i-4500</leader><controlfield tag="001">000036813</controlfield><controlfield tag="002">20161230</controlfield><controlfield tag="005">20161230201041</controlfield><controlfield tag="008">060222s1000------------r-----000-0-rum-d</controlfield><datafield ind1=" " ind2=" " tag="040"><subfield code="a">IFIN-HH</subfield></datafield><datafield ind1=" " ind2=" " tag="041"><subfield code="a">rum</subfield></datafield><datafield ind1=" " ind2=" " tag="080"><subfield code="a">537.12:539.12</subfield></datafield><datafield ind1="1" ind2=" " tag="100"><subfield code="a">Popescu,Ioan G</subfield></datafield><datafield ind1="1" ind2="0" tag="245"><subfield code="a">Lumea electronilor</subfield><subfield code="c">Ioan g. popescu</subfield></datafield><datafield ind1=" " ind2=" " tag="260"><subfield code="a">Bucuresti</subfield><subfield code="b">Editura Universul</subfield><subfield code="c">1943</subfield></datafield><datafield ind1=" " ind2=" " tag="300"><subfield code="a">299P</subfield></datafield><datafield ind1=" " ind2=" " tag="490"><subfield code="a">Stiinta Pentru Toti Biblioteca Stiintifica Pentru Popor A Ziarului Universul</subfield></datafield><datafield ind1=" " ind2=" " tag="852"><subfield code="a">5969</subfield><subfield code="c">539.12</subfield></datafield><datafield ind1=" " ind2=" " tag="CAT"><subfield code="a">Sys</subfield><subfield code="c">20111101</subfield><subfield code="h">154742</subfield></datafield></record></collection>